@book{holmes2003reworking,
  title={Reworking the bench: Research notebooks in the history of science},
  author={Holmes, Frederic Lawrence and Renn, J{\"u}rgen and Rheinberger, Hans-J{\"o}rg},
  volume={7},
  year={2003},
  publisher={Springer Science \& Business Media}
}

@article{shen2014interactive,
  title={Interactive notebooks: Sharing the code},
  author={Shen, Helen and others},
  journal={Nature},
  volume={515},
  number={7525},
  pages={151--152},
  year={2014},
  publisher={Macmillan Publishers Ltd., London, England}
}


@inproceedings{guo2012burrito,
  title={BURRITO: Wrapping Your Lab Notebook in Computational Infrastructure.},
  author={Guo, Philip J and Seltzer, Margo},
  booktitle={TaPP},
  year={2012}
}

@misc{perez2013open,
  title={An Open Source Framework For Interactive, Collaborative And Reproducible Scientific Computing And Education},
  author={Perez, Fernando and Granger, Brian E and Obispo, CPSL},
  year={2013}
}

@article{oliphant2007python,
  title={Python for scientific computing},
  author={Oliphant, Travis E},
  journal={Computing in Science \& Engineering},
  volume={9},
  number={3},
  pages={10--20},
  year={2007},
  publisher={AIP Publishing}
}

@article{cai2005performance,
  title={On the performance of the Python programming language for serial and parallel scientific computations},
  author={Cai, Xing and Langtangen, Hans Petter and Moe, Halvard},
  journal={Scientific Programming},
  volume={13},
  number={1},
  pages={31--56},
  year={2005},
  publisher={Hindawi Publishing Corporation}
}

@article{millman2011python,
  title={Python for scientists and engineers},
  author={Millman, K Jarrod and Aivazis, Michael},
  journal={Computing in Science \& Engineering},
  volume={13},
  number={2},
  pages={9--12},
  year={2011},
  publisher={AIP Publishing}
}

@conference{johnSciPy,
  title={Python for scientists and engineers},
  author={John D. Cook},
  year={2015},
  url={http://www.johndcook.com/blog/2015/07/16/scientific-computing-in-python/},
  publisher={John D. Cook}
}

@article{HansPython,
  title={Python for Computational Science and Engineering},
  author={Hans Fangohr},
  year={2015},
  publisher={University of Southampton}
}

@article{ScottPython,
  title={An introduction to Python for scientific computing},
  author={M.Scott Shell},
  year={2014}
  }

@conference{geoData,
  title={Geospatial Data with Open Source Tools in Python },
  author={Kelsey Jordahl},
  year={2015},
  url={https://www.youtube.com/watch?v=HzPSVwyP2Y0&list=PLYx7XA2nY5Gcpabmu61kKcToLz0FapmHu&index=19},
  publisher={Kelsey Jordahl}
  }
  
@conference{efficientPython,
  title={Efficient Python for High Performance Parallel Computing},
  author={Kelsey Jordahl},
  year={2015},
  url={https://www.youtube.com/watch?v=uY85GkaYzBk&list=PLYx7XA2nY5Gcpabmu61kKcToLz0FapmHu&index=31},
  publisher={Mike McKerns}
  }
  
@misc{sciPy,
  title = {SciPy official web site},
  howpublished = {url{http://www.scipy.org/}},
}

@book{mckinney2012python,
  title={Python for data analysis: Data wrangling with Pandas, NumPy, and IPython},
  author={McKinney, Wes},
  year={2012},
  publisher={" O'Reilly Media, Inc."}
}


@article{johansson2014introduction,
  title={Introduction to Scientific Computing in Python},
  author={Johansson, J},
  journal={Режим доступа: http://nbviewer. ipython. org/github/jrjohansson/scientific-python-lectures/blob/master/Lecture-0-Scientific-Computing-with-Python. ipynb},
  year={2014}
}

@misc{gitHubWiki,
  title = {Wikipedia - GitHub},
  howpublished = {url{https://en.wikipedia.org/wiki/GitHub}},
}

@article{kalliamvakou2007promises,
  title={The Promises and Perils of Mining GitHub},
  author={Kalliamvakou, Eirini and Gousios, Georgios and Blincoe, Kelly and Singer, Leif and German, Daniel M and Damian, Daniela},
  year={2007}
}

@article{chasmSoftware,
  title={Bridging the Chasm: A Survey of Software Engineering Practice in
Scientifc Programming},
  author={Storer, Timothy},
  journal={Software in Science},
  year={2015},
  publisher={University of Glasgow}
}

@article{wolfram1984computer,
  title={Computer Software in Science and Mathematics.},
  author={Wolfram, Stephen},
  journal={Scientific American},
  volume={251},
  number={3},
  year={1984},
  publisher={ERIC}
}

@article{packard1986lattice,
  title={Lattice models for solidification and aggregation},
  author={Packard, Norman H},
  journal={First International Symosium for Science on Form},
  year={1986}
}

@article{andersensoftware,
  title={Software engineering as a part of scientific practice.},
  author={Andersen, Peter B{\o}gh and Prange, Florian and Germany, S{\o}ren Serritzlew}
}

@article{easterbrook2009engineering,
  title={Engineering the software for understanding climate change},
  author={Easterbrook, Steve M and Johns, Timothy C},
  journal={Computing in Science \& Engineering},
  volume={11},
  number={6},
  pages={64--74},
  year={2009},
  publisher={AIP Publishing}
}

@article{coyne2005satellite,
  title={Satellite Tracking and Analysis Tool(STAT): an integrated system for archiving, analyzing and mapping animal tracking data},
  author={Coyne, MS and Godley, BJ},
  journal={Marine Ecology Progress Series},
  volume={301},
  pages={1--7},
  year={2005}
}

@misc{argosWiki,
  title={Wikipedia - Argos System},
  howpublished={url{https://en.wikipedia.org/wiki/Argos\_system}}
}

@misc{sciMethod,
  title={Wikipedia - The Scientific Method},
  howpublished={url{https://en.wikipedia.org/wiki/Scientific\_method}}
}

@misc{metOffice,
  title={Met Office Official Website},
  howpublished={url{http://www.metoffice.gov.uk/climate-change/resources/hadleycentre}}
}

@article{levequereproducible,
  title={Reproducible Research for Scientific Computing: Tools and Strategies for Changing the Culture},
  author={LeVeque, Randall J and Mitchell, Ian M and Stodden, Victoria}
}

@article{peng2011reproducible,
  title={Reproducible research in computational science},
  author={Peng, Roger D},
  journal={Science (New York, Ny)},
  volume={334},
  number={6060},
  pages={1226},
  year={2011},
  publisher={NIH Public Access}
}

@article{sanders2008dealing,
  title={Dealing with risk in scientific software development},
  author={Sanders, Rebecca and Kelly, Diane},
  journal={IEEE software},
  number={4},
  pages={21--28},
  year={2008},
  publisher={IEEE}
}

@article{kelly2009five,
  title={Five recommended practices for computational scientists who write software},
  author={Kelly, Diane and Hook, Daniel and Sanders, Rebecca},
  journal={Computing in Science \& Engineering},
  volume={11},
  number={5},
  pages={48--53},
  year={2009},
  publisher={AIP Publishing}
}

@article{kellyassessing,
  title={Assessing the Quality of Scientific Software},
  author={Kelly, Diane and Sanders, Rebecca}
}

@misc{mathematicaWiki,
  title={Wikipedia - Mathematica},
  howpublished={url{https://en.wikipedia.org/wiki/Mathematica}}
}

@misc{mathematicaWolfram,
  title={Wolfram - Mathematica},
  howpublished={url{https://www.wolfram.com/mathematica/}}
}

@misc{reproducibilityWiki,
  title={Wikipedia - Reproducibility},
  howpublished={url{https://en.wikipedia.org/wiki/Reproducibility}}
}

@misc{replicationWiki,
  title={Wikipedia - Replication},
  howpublished={url{https://en.wikipedia.org/wiki/Replication\_(statistics)}}
}

@article{ram2013git,
  title={Git can facilitate greater reproducibility and increased transparency in science.},
  author={Ram, Karthik},
  journal={Source code for biology and medicine},
  volume={8},
  number={1},
  pages={7},
  year={2013}
}

@article{gandrud2013github,
  title={Github: A tool for social data set development and verification in the cloud},
  author={Gandrud, Christopher},
  journal={Available at SSRN 2199367},
  year={2013}
}

@misc{ipythonDef,
  title={IPython - Definition},
  howpublished={url{http://ipython.org/notebook.html)}}
}

@misc{ipythonFeatures,
  title={IPython - Features},
  howpublished={url{https://ipython.org/ipython-doc/1/interactive/notebook.html)}}
}

@misc{maple,
  title={Official Web site of Mapple},
  howpublished={url{http://www.maplesoft.com/products/maple/compare/programming.aspx)}}
}

@misc{matLab,
  title={Official Web site of MatLab},
  howpublished={url{http://uk.mathworks.com/products/matlab/?requestedDomain=www.mathworks.com)}}
}

@misc{knitr,
  title={Official Web site of knitr},
  howpublished={url{http://yihui.name/knitr/)}}
}

@misc{sage,
  title={Official Web site of SageMath},
  howpublished={url{http://www.sagemath.org/)}}
}

@misc{dexy,
  title={Official Web site of Dexy},
  howpublished={url{http://www.dexy.it/)}}
}

@article{perez2007ipython,
  title={IPython: a system for interactive scientific computing},
  author={P{\'e}rez, Fernando and Granger, Brian E},
  journal={Computing in Science \& Engineering},
  volume={9},
  number={3},
  pages={21--29},
  year={2007},
  publisher={AIP Publishing}
}

@misc{pyRaf,
  title={Web site of PyRaf},
  howpublished={http://www.stsci.edu/institute/software\_hardware/pyraf)}
}

@misc{casa,
  title={Web site of Common Astronomy Software Applications},
  howpublished={http://casa.nrao.edu/)}
}

@misc{pymerase,
  title={Web site of Pymerase},
  howpublished={http://pymerase.sourceforge.net/)}
}

@misc{gitHubAlliPython,
  title={GitHub repositories using IPython},
  howpublished={https://github.com/ipython/ipython/wiki/Projects-using-IPython)}
}

@misc{ossWiki,
  title={Wikipedia-Open Source Software(OSS)},
  howpublished={https://en.wikipedia.org/wiki/Open-source\_software)}
}

@article{kalliamvakoupromises,
  title={The Promises and Perils of Mining GitHub (Extended Version)},
  author={Kalliamvakou, Eirini and Gousios, Georgios and Blincoe, Kelly and Singer, Leif and German, Daniel M and Damian, Daniela}
}