@book{holmes2003reworking,
  title={Reworking the bench: Research notebooks in the history of science},
  author={Holmes, Frederic Lawrence and Renn, J{\"u}rgen and Rheinberger, Hans-J{\"o}rg},
  volume={7},
  year={2003},
  publisher={Springer Science \& Business Media}
}

@article{shen2014interactive,
  title={Interactive notebooks: Sharing the code},
  author={Shen, Helen and others},
  journal={Nature},
  volume={515},
  number={7525},
  pages={151--152},
  year={2014},
  publisher={Macmillan Publishers Ltd., London, England}
}


@inproceedings{guo2012burrito,
  title={BURRITO: Wrapping Your Lab Notebook in Computational Infrastructure.},
  author={Guo, Philip J and Seltzer, Margo},
  booktitle={TaPP},
  year={2012}
}

@misc{perez2013open,
  title={An Open Source Framework For Interactive, Collaborative And Reproducible Scientific Computing And Education},
  author={Perez, Fernando and Granger, Brian E and Obispo, CPSL},
  year={2013}
}

