@book{holmes2003reworking,
  title={Reworking the bench: Research notebooks in the history of science},
  author={Holmes, Frederic Lawrence and Renn, J{\"u}rgen and Rheinberger, Hans-J{\"o}rg},
  volume={7},
  year={2003},
  publisher={Springer Science \& Business Media}
}

@article{shen2014interactive,
  title={Interactive notebooks: Sharing the code},
  author={Shen, Helen and others},
  journal={Nature},
  volume={515},
  number={7525},
  pages={151--152},
  year={2014},
  publisher={Macmillan Publishers Ltd., London, England}
}


@inproceedings{guo2012burrito,
  title={BURRITO: Wrapping Your Lab Notebook in Computational Infrastructure.},
  author={Guo, Philip J and Seltzer, Margo},
  booktitle={TaPP},
  year={2012}
}

@misc{perez2013open,
  title={An Open Source Framework For Interactive, Collaborative And Reproducible Scientific Computing And Education},
  author={Perez, Fernando and Granger, Brian E and Obispo, CPSL},
  year={2013}
}

@article{oliphant2007python,
  title={Python for scientific computing},
  author={Oliphant, Travis E},
  journal={Computing in Science \& Engineering},
  volume={9},
  number={3},
  pages={10--20},
  year={2007},
  publisher={AIP Publishing}
}

@article{cai2005performance,
  title={On the performance of the Python programming language for serial and parallel scientific computations},
  author={Cai, Xing and Langtangen, Hans Petter and Moe, Halvard},
  journal={Scientific Programming},
  volume={13},
  number={1},
  pages={31--56},
  year={2005},
  publisher={Hindawi Publishing Corporation}
}

@article{millman2011python,
  title={Python for scientists and engineers},
  author={Millman, K Jarrod and Aivazis, Michael},
  journal={Computing in Science \& Engineering},
  volume={13},
  number={2},
  pages={9--12},
  year={2011},
  publisher={AIP Publishing}
}

@conference{johnSciPy,
  title={Python for scientists and engineers},
  author={John D. Cook},
  year={2015},
  url={http://www.johndcook.com/blog/2015/07/16/scientific-computing-in-python/},
  publisher={John D. Cook}
}

@article{HansPython,
  title={Python for Computational Science and Engineering},
  author={Hans Fangohr},
  year={2015},
  publisher={University of Southampton}
}

@article{ScottPython,
  title={An introduction to Python for scientific computing},
  author={M.Scott Shell},
  year={2014}
  }

@conference{geoData,
  title={Geospatial Data with Open Source Tools in Python },
  author={Kelsey Jordahl},
  year={2015},
  url={https://www.youtube.com/watch?v=HzPSVwyP2Y0&list=PLYx7XA2nY5Gcpabmu61kKcToLz0FapmHu&index=19},
  publisher={Kelsey Jordahl}
  }
  
@conference{efficientPython,
  title={Efficient Python for High Performance Parallel Computing},
  author={Kelsey Jordahl},
  year={2015},
  url={https://www.youtube.com/watch?v=uY85GkaYzBk&list=PLYx7XA2nY5Gcpabmu61kKcToLz0FapmHu&index=31},
  publisher={Mike McKerns}
  }
  
@misc{sciPy,
  title = {SciPy official web site},
  howpublished = {url{http://www.scipy.org/}},
}

@book{mckinney2012python,
  title={Python for data analysis: Data wrangling with Pandas, NumPy, and IPython},
  author={McKinney, Wes},
  year={2012},
  publisher={" O'Reilly Media, Inc."}
}


@article{johansson2014introduction,
  title={Introduction to Scientific Computing in Python},
  author={Johansson, J},
  journal={http://nbviewer. ipython. org/github/jrjohansson/scientific-python-lectures/blob/master/Lecture-0-Scientific-Computing-with-Python. ipynb},
  year={2014}
}

@misc{gitHubWiki,
  title = {Wikipedia - GitHub},
  howpublished = {url{https://en.wikipedia.org/wiki/GitHub}},
}

@article{kalliamvakou2007promises,
  title={The Promises and Perils of Mining GitHub},
  author={Kalliamvakou, Eirini and Gousios, Georgios and Blincoe, Kelly and Singer, Leif and German, Daniel M and Damian, Daniela},
  year={2007}
}

@article{chasmSoftware,
  title={Bridging the Chasm: A Survey of Software Engineering Practice in
Scientifc Programming},
  author={Storer, Timothy},
  journal={Software in Science},
  year={2015},
  publisher={University of Glasgow}
}

@article{wolfram1984computer,
  title={Computer Software in Science and Mathematics.},
  author={Wolfram, Stephen},
  journal={Scientific American},
  volume={251},
  number={3},
  year={1984},
  publisher={ERIC}
}

@article{packard1986lattice,
  title={Lattice models for solidification and aggregation},
  author={Packard, Norman H},
  journal={First International Symosium for Science on Form},
  year={1986}
}

@article{andersensoftware,
  title={Software engineering as a part of scientific practice.},
  author={Andersen, Peter B{\o}gh and Prange, Florian and Germany, S{\o}ren Serritzlew}
}

@article{easterbrook2009engineering,
  title={Engineering the software for understanding climate change},
  author={Easterbrook, Steve M and Johns, Timothy C},
  journal={Computing in Science \& Engineering},
  volume={11},
  number={6},
  pages={64--74},
  year={2009},
  publisher={AIP Publishing}
}

@article{coyne2005satellite,
  title={Satellite Tracking and Analysis Tool(STAT): an integrated system for archiving, analyzing and mapping animal tracking data},
  author={Coyne, MS and Godley, BJ},
  journal={Marine Ecology Progress Series},
  volume={301},
  pages={1--7},
  year={2005}
}

@misc{argosWiki,
  title={Wikipedia - Argos System},
  howpublished={url{https://en.wikipedia.org/wiki/Argos\_system}}
}

@misc{sciMethod,
  title={Wikipedia - The Scientific Method},
  howpublished={url{https://en.wikipedia.org/wiki/Scientific\_method}}
}

@misc{metOffice,
  title={Met Office Official Website},
  howpublished={url{http://www.metoffice.gov.uk/climate-change/resources/hadleycentre}}
}

@article{levequereproducible,
  title={Reproducible Research for Scientific Computing: Tools and Strategies for Changing the Culture},
  author={LeVeque, Randall J and Mitchell, Ian M and Stodden, Victoria}
}

@article{peng2011reproducible,
  title={Reproducible research in computational science},
  author={Peng, Roger D},
  journal={Science (New York, Ny)},
  volume={334},
  number={6060},
  pages={1226},
  year={2011},
  publisher={NIH Public Access}
}

@article{sanders2008dealing,
  title={Dealing with risk in scientific software development},
  author={Sanders, Rebecca and Kelly, Diane},
  journal={IEEE software},
  number={4},
  pages={21--28},
  year={2008},
  publisher={IEEE}
}

@article{kelly2009five,
  title={Five recommended practices for computational scientists who write software},
  author={Kelly, Diane and Hook, Daniel and Sanders, Rebecca},
  journal={Computing in Science \& Engineering},
  volume={11},
  number={5},
  pages={48--53},
  year={2009},
  publisher={AIP Publishing}
}

@article{kellyassessing,
  title={Assessing the Quality of Scientific Software},
  author={Kelly, Diane and Sanders, Rebecca}
}

@misc{mathematicaWiki,
  title={Wikipedia - Mathematica},
  howpublished={url{https://en.wikipedia.org/wiki/Mathematica}}
}

@misc{mathematicaWolfram,
  title={Wolfram - Mathematica},
  howpublished={url{https://www.wolfram.com/mathematica/}}
}

@misc{reproducibilityWiki,
  title={Wikipedia - Reproducibility},
  howpublished={url{https://en.wikipedia.org/wiki/Reproducibility}}
}

@misc{replicationWiki,
  title={Wikipedia - Replication},
  howpublished={url{https://en.wikipedia.org/wiki/Replication\_(statistics)}}
}

@article{ram2013git,
  title={Git can facilitate greater reproducibility and increased transparency in science.},
  author={Ram, Karthik},
  journal={Source code for biology and medicine},
  volume={8},
  number={1},
  pages={7},
  year={2013}
}

@article{gandrud2013github,
  title={Github: A tool for social data set development and verification in the cloud},
  author={Gandrud, Christopher},
  journal={Available at SSRN 2199367},
  year={2013}
}

@misc{ipythonDef,
  title={IPython - Definition},
  howpublished={url{http://ipython.org/notebook.html}}
}

@misc{ipythonFeatures,
  title={IPython - Features},
  howpublished={url{https://ipython.org/}}
}

@misc{maple,
  title={Official Web site of Mapple},
  howpublished={url{http://www.maplesoft.com/}}
}

@misc{matLab,
  title={Official Web site of MatLab},
  howpublished={url{http://uk.mathworks.com/}}
}

@misc{knitr,
  title={Official Web site of knitr},
  howpublished={url{http://yihui.name/knitr/}}
}

@misc{sage,
  title={Official Web site of SageMath},
  howpublished={url{http://www.sagemath.org/}}
}

@misc{dexy,
  title={Official Web site of Dexy},
  howpublished={url{http://www.dexy.it/}}
}

@article{perez2007ipython,
  title={IPython: a system for interactive scientific computing},
  author={P{\'e}rez, Fernando and Granger, Brian E},
  journal={Computing in Science \& Engineering},
  volume={9},
  number={3},
  pages={21--29},
  year={2007},
  publisher={AIP Publishing}
}

@misc{pyRaf,
  title={Web site of PyRaf},
  howpublished={http://www.stsci.edu/institute/software\_hardware/pyraf)}
}

@misc{casa,
  title={Web site of Common Astronomy Software Applications},
  howpublished={http://casa.nrao.edu/)}
}

@misc{pymerase,
  title={Web site of Pymerase},
  howpublished={http://pymerase.sourceforge.net/)}
}

@misc{gitHubAlliPython,
  title={GitHub repositories using IPython},
  howpublished={https://github.com/ipython/ipython/wiki/Projects-using-IPython)}
}

@misc{ossWiki,
  title={Wikipedia-Open Source Software(OSS)},
  howpublished={https://en.wikipedia.org/wiki/Open-source\_software)}
}

@article{kalliamvakoupromises,
  title={The Promises and Perils of Mining GitHub (Extended Version)},
  author={Kalliamvakou, Eirini and Gousios, Georgios and Blincoe, Kelly and Singer, Leif and German, Daniel M and Damian, Daniela}
}

@misc{sklearn,
  title={Sklearn Official web iste},
  howpublished={http://scikit-learn.org/stable/tutorial/basic/tutorial.html)}
}

@misc{openCV,
  title={OpenCV Official web iste},
  howpublished={http://opencv.org/)}
}

@article{frey2015collection,
  title={Collection, Curation, Citation at Source: Publication@ Source 10 Years On},
  author={Frey, Jeremy and Coles, Simon J and Bird, Colin and Willoughby, Cerys},
  journal={International Journal of Digital Curation},
  volume={10},
  number={2},
  pages={1--11},
  year={2015}
}

@misc{dataCuration,
  title={Wikipedia - Data curation},
  howpublished={https://en.wikipedia.org/wiki/Data\_curation)}
}

@misc{gitHubAPI,
  title={GitHub API},
  howpublished={https://developer.github.com/v3/)}
}

@misc{traverseGitHub,
  title={GitHub Traverse Search Results},
  howpublished={https://developer.github.com/guides/traversing-with-pagination/)}
}

@misc{bitBucket,
  title={BitBucket Official Web page},
  howpublished={https://bitbucket.org/}
}

@misc{flesch,
  title={Wikipedia - Flesch Reading Ease Score},
  howpublished={https://simple.wikipedia.org/wiki/Flesch\_Reading\_Ease}
}

@misc{fleschLevel,
  title={Wikipedia - Flesch–Kincaid grade level},
  howpublished={https://en.wikipedia.org/wiki/Flesch\%E2\%80\%93Kincaid\_readability\_tests\#Flesch.E2.80.93Kincaid\_grade\_level}
}

@misc{fogIndex,
  title={Wikipedia - Gunning fog index},
  howpublished={https://en.wikipedia.org/wiki/Gunning\_fog\_index}
}

@misc{smog,
  title={Wikipedia - SMOG},
  howpublished={https://en.wikipedia.org/wiki/SMOG}
}

@misc{automated,
  title={Wikipedia - Automated readability index},
  howpublished={https://en.wikipedia.org/wiki/Automated\_readability\_index}
}

@misc{coleman,
  title={Wikipedia - Coleman–Liau index},
  howpublished={https://en.wikipedia.org/wiki/Coleman\%E2\%80\%93Liau\_index}
}

@misc{ganga,
  title={Ganga Official Web Page},
  howpublished={http://ganga.web.cern.ch/ganga/}
}

@misc{simpleCV,
  title={SimpleCV Official Web Page},
  howpublished={http://www.simplecv.org/}
}

@misc{nengo,
  title={Nengo project Official Web Page},
  howpublished={http://nengo.ca/}
}

@misc{parallel,
  title={SciPy conference - Python for Parallel programming},
  howpublished={https://github.com/mmckerns/tuthpc}
}

@misc{matplotlib,
  title={Matplotlib Official Web page},
  howpublished={http://matplotlib.org/}
}

@misc{numpy,
  title={NumPy Official Web page},
  howpublished={http://www.numpy.org/}
}

@misc{scipyOff,
  title={SciPy Official Web page},
  howpublished={http://www.scipy.org/}
}

@article{sanner1999python,
  title={Python: a programming language for software integration and development},
  author={Sanner, Michel F and others},
  journal={J Mol Graph Model},
  volume={17},
  number={1},
  pages={57--61},
  year={1999},
  publisher={Citeseer}
}

@inproceedings{hassan2008road,
  title={The road ahead for mining software repositories},
  author={Hassan, Ahmed E},
  booktitle={Frontiers of Software Maintenance, 2008. FoSM 2008.},
  pages={48--57},
  year={2008},
  organization={IEEE}
}

@misc{MSR2016,
  title={Mining Software Repositories 2016 official website},
  howpublished={http://2016.msrconf.org/\#/home}
}

@misc{GitAPI,
  title={GitHub API},
  howpublished={https://developer.github.com/v3/}
}

@misc{GitAPISearch,
  title={SearchGitHub API},
  howpublished={https://developer.github.com/v3/search/}
}

@misc{json,
  title={JSON(JavaScript Object Notation)},
  howpublished={http://www.json.org/}
}

@misc{ipythonArticle,
  title={IPython: A unified environment for interactive data analysis},
  howpublished={http://radar.oreilly.com/2014/01/ipython-a-unified-environment-for-interactive-data-analysis.html}
}

@book{cohen2013introduction,
  title={An introduction to logic and scientific method},
  author={Cohen, Morris F},
  year={2013},
  publisher={Read Books Ltd}
}

@misc{sqlite3,
  title={SQLite Official Web Page},
  howpublished={https://www.sqlite.org/}
}

@misc{distance,
  title={Python Distance package},
  howpublished={https://pypi.python.org/pypi/Distance/}
}

@misc{levenstein,
  title={Wikipedia - Levenshtein distance},
  howpublished={https://en.wikipedia.org/wiki/Levenshtein\_distance}
}

@misc{GitPython,
  title={GitPython Official Web Page},
  howpublished={http://gitpython.readthedocs.org/en/stable/tutorial.html}
}

@misc{stdWiki,
  title={Wikipedia Standard Deviation},
  howpublished={https://en.wikipedia.org/wiki/Standard\_deviation}
}

@misc{textstat,
  title={Python package Textstat},
  howpublished={https://pypi.python.org/pypi/textstat/0.1.4}
}

@misc{linguist,
  title={Python package linguist - file with extensions},
  howpublished={https://github.com/liluo/linguist/}
}

@inproceedings{aranda2009secret,
  title={The secret life of bugs: Going past the errors and omissions in software repositories},
  author={Aranda, Jorge and Venolia, Gina},
  booktitle={Proceedings of the 31st International Conference on Software Engineering},
  pages={298--308},
  year={2009},
  organization={IEEE Computer Society}
}

@misc{IPObs,
  title={IPython Observatory - GitHub code},
  howpublished={https://github.com/CCSoti/IPython\_Observatory}
}